 @MISC{trec,
    author = {Gordon Cormack},
    title = {1 Introduction TREC 2007 Spam Track Overview},
    year = {}
}

