@article{customer,
    author = {Pfeifer, Phillip E. and Carraway, Robert L.},
    citeulike-article-id = {3388350},
    citeulike-linkout-0 = {http://0-www3.interscience.wiley.com.skyline.cudenver.edu/journal/72001005/abstract},
    journal = {Journal of Interactive Marketing},
    keywords = {clv, marketing, markovchains},
    month = apr,
    number = {2},
    pages = {43--55},
    posted-at = {2008-10-08 21:24:15},
    priority = {2},
    title = {{Modeling customer relationships as Markov chains}},
    url = {http://0-www3.interscience.wiley.com.skyline.cudenver.edu/journal/72001005/abstract},
    volume = {14},
    year = {2000}
}

